<record><leader>00000cas a2200000   4500</leader><controlfield tag="001">9563195</controlfield><controlfield tag="008">830601d18881914waudr ne      0   a0eng c</controlfield><datafield ind1=" " ind2=" " tag="010"><subfield code="a">sn 83045604 </subfield></datafield><datafield ind1=" " ind2=" " tag="040"><subfield code="a">CRL</subfield><subfield code="b">eng</subfield><subfield code="c">CRL</subfield><subfield code="d">NPW</subfield><subfield code="d">DLC</subfield><subfield code="d">SLZ</subfield><subfield code="d">NSD</subfield><subfield code="d">CNK</subfield><subfield code="d">MGN</subfield><subfield code="d">NVF</subfield><subfield code="d">DLC</subfield><subfield code="d">KRTAS</subfield><subfield code="d">OCLCQ</subfield><subfield code="d">OCLCF</subfield><subfield code="d">OCLCO</subfield><subfield code="d">DLC</subfield><subfield code="d">OCLCA</subfield></datafield><datafield ind1="0" ind2=" " tag="022"><subfield code="a">2379-7304</subfield><subfield code="2">1</subfield></datafield><datafield ind1=" " ind2=" " tag="042"><subfield code="a">pcc</subfield><subfield code="a">nsdp</subfield></datafield><datafield ind1=" " ind2=" " tag="043"><subfield code="a">n-us-wa</subfield></datafield><datafield ind1="0" ind2="0" tag="050"><subfield code="a">Newspaper</subfield></datafield><datafield ind1="0" ind2="0" tag="082"><subfield code="a">071</subfield><subfield code="2">23</subfield></datafield><datafield ind1="0" ind2=" " tag="130"><subfield code="a">Seattle post-intelligencer (Seattle, Wash. : 1888 : Daily)</subfield></datafield><datafield ind1=" " ind2="4" tag="222"><subfield code="a">The Seattle post-intelligencer</subfield><subfield code="b">(Seattle, Wash. 1888. Daily. Print)</subfield></datafield><datafield ind1="1" ind2="4" tag="245"><subfield code="a">The Seattle post-intelligencer.</subfield></datafield><datafield ind1="3" ind2="0" tag="246"><subfield code="a">Post intelligencer</subfield></datafield><datafield ind1=" " ind2=" " tag="260"><subfield code="a">Seattle, Wash. Terr. [Wash.] :</subfield><subfield code="b">Post-Intelligencer Pub. Co.,</subfield></datafield><datafield ind1=" " ind2=" " tag="300"><subfield code="a">v.</subfield></datafield><datafield ind1=" " ind2=" " tag="310"><subfield code="a">Daily,</subfield><subfield code="b">&lt;May 27, 1889-Jan. 15, 1914&gt;</subfield></datafield><datafield ind1=" " ind2=" " tag="321"><subfield code="a">Daily (except Monday),</subfield><subfield code="b">&lt;May 11, 1888-May 26, 1889&gt;</subfield></datafield><datafield ind1="0" ind2=" " tag="362"><subfield code="a">vol. 14, no. 1 (May 11, 1888)-v. 65, no 62 (Jan. 15, 1914).</subfield></datafield><datafield ind1=" " ind2=" " tag="500"><subfield code="a">Published as: Post-intelligencer, &lt;June 7, 1889&gt;.</subfield></datafield><datafield ind1=" " ind2=" " tag="530"><subfield code="a">Also issued on microfilm from Center for Research Libraries; University of Washington; Bell &amp; Howell, Micro Photo Div.</subfield></datafield><datafield ind1=" " ind2=" " tag="530"><subfield code="a">Archived issues are available in digital format from the Library of Congress Chronicling America online collection.</subfield></datafield><datafield ind1=" " ind2=" " tag="580"><subfield code="a">Weekly eds.: Seattle post-intelligencer (Seattle, Wash. : 1888 : Weekly), 1888-1889, and: Weekly post-intelligencer, 1889-1901.</subfield></datafield><datafield ind1=" " ind2="0" tag="651"><subfield code="a">Seattle (Wash.)</subfield><subfield code="v">Newspapers.</subfield></datafield><datafield ind1=" " ind2="7" tag="651"><subfield code="a">Washington (State)</subfield><subfield code="z">Seattle.</subfield><subfield code="2">fast</subfield><subfield code="0">(OCoLC)fst01204940</subfield></datafield><datafield ind1=" " ind2="7" tag="655"><subfield code="a">Newspapers.</subfield><subfield code="2">fast</subfield><subfield code="0">(OCoLC)fst01423814</subfield></datafield><datafield ind1=" " ind2=" " tag="752"><subfield code="a">United States</subfield><subfield code="b">Washington</subfield><subfield code="c">King</subfield><subfield code="d">Seattle.</subfield></datafield><datafield ind1="1" ind2=" " tag="775"><subfield code="t">Seattle post-intelligencer (Seattle, Wash. : 1888 : Weekly)</subfield><subfield code="w">(DLC)sn 86072002</subfield><subfield code="w">(OCoLC)14288710</subfield></datafield><datafield ind1="1" ind2=" " tag="775"><subfield code="t">Weekly post-intelligencer</subfield><subfield code="w">(DLC)sn 86072003</subfield><subfield code="w">(OCoLC)14288762</subfield></datafield><datafield ind1="0" ind2="8" tag="776"><subfield code="i">Online version:</subfield><subfield code="t">Seattle post-intelligencer (Seattle, Wash. : 1888 : Daily)</subfield><subfield code="x">2379-7312</subfield><subfield code="w">(DLC)  2015218851</subfield><subfield code="w">(OCoLC)911137078</subfield></datafield><datafield ind1="0" ind2="0" tag="780"><subfield code="t">Seattle daily post-intelligencer</subfield><subfield code="x">2379-7274</subfield><subfield code="w">(DLC)sn 83045611</subfield><subfield code="w">(OCoLC)9563139</subfield></datafield><datafield ind1="0" ind2="0" tag="785"><subfield code="t">Post-intelligencer</subfield><subfield code="x">0746-6307</subfield><subfield code="w">(DLC)sn 83045736</subfield><subfield code="w">(OCoLC)9699548</subfield></datafield><datafield ind1="4" ind2="1" tag="856"><subfield code="u">http://www.loc.gov/chroniclingamerica/lccn/sn83045604/issues</subfield></datafield><datafield ind1=" " ind2=" " tag="938"><subfield code="a">Kirtas Technologies, Inc.</subfield><subfield code="b">KRTS</subfield><subfield code="n">736801</subfield></datafield></record>